% =============================================================================
% Informacje o rodzajach publikacji i wymaganych polach można znaleść
% pod adresem:
% https://en.wikibooks.org/wiki/LaTeX/Bibliography_Management
% https://www.andy-roberts.net/res/writing/latex/bibentries.pdf 
% =============================================================================


% books

@book{teorieemocji,
	title     = {Psychologia. Podręcznik Akademicki, Tom 2},
	author    = {Jan Strelau},
	year      = {2000},
	publisher = {Gdańskie Wydawnictwo Psychologiczne, Gdańsk},
}

@book{virtualtech,
	title     = {Virtual Reality Technology},
	author    = {Grigore C. Burdea and Philippe Coiffet},
	year      = {2003},
	publisher = {John Wiley & Sons, New Jersey},
}

@book{virtualfor,
	title     = {Virtual & Augmented Reality For Dummies},
	author    = {Paul Mealy},
	year      = {2018},
	publisher = {John Wiley & Sons, New Jersey},
}

@book{virtualdev,
	title     = {Developing Virtual Reality Applications: Foundations of Effective Design},
	author    = {Alan B. Craig and William R. Sherman and Jeffrey D. Will},
	year      = {2009},
	publisher = {Morgan Kaufmann, Burlington, Massachusetts},
}

@book{determinants,
	title     = {Determinants of Diffusion of Virtual Reality},
	author    = {Namron Regrebsubla},
	year      = {2016},
	publisher = {GRIN Verlag, Munich}
}

@book{interactivemedia,
	title     = {New, Emergent, and Interactive Media},
	author    = {Manny Mirabite},
	year      = {2019},
	publisher = {Lulu, Morrisville, North Carolina},
}

@book{oatly,
	title     = {Zrozumieć emocje},
	author    = {Jennifer M. Jenkins and Keith Oatley},
	year      = {2005},
	publisher = {Wydawnictwo Naukowe PWN, Warszawa},
}

@book{ekman,
	title     = {Natura emocji podstawowe zagadnienia},
	author    = {Paul Ekman and Richard Davidson},
	year      = {2012},
	publisher = {Gdańskie Wydawnictwo Psychologiczne, Gdańsk},
}

@book{glossary,
    author = {Janet H. Murray}, 
    title = {Inventing the Medium: Principles of Interaction Design as a Cultural Practice}, 
    year = {2011}, 
    publisher = {The MIT Press, Cambridge, Massachusetts},
}

@book{gamefeel,
  title={Game Feel: A Game Designer's Guide to Virtual Sensation},
  author={Swink, S.},
  series={Morgan Kaufmann Game Design Books},
  year={2009},
  publisher = {Morgan Kaufmann, Burlington, Massachusetts},
}

@book{movesus,
    author = {Katherine Isbister},
    year = {2016},
    month = {01},
    pages = {},
    title = {How Games Move Us: Emotion by Design},
    publisher = {The MIT Press, Cambridge, Massachusetts},
}





% arcticles

@article{virtualspeech,
    author  = {Damian Gałuszka},
    title   = {Unifikacja człowieka z maszyną – omówienie rozwoju wybranych interfejsów użytkownika},
    journal = {Czasopismo Naukowe: Kultura i Historia},
    number  = {},
    year    = {2019}
}

@article{kultura,
    author  = {Damian Gałuszka},
    title   = {Unifikacja człowieka z maszyną – omówienie rozwoju wybranych interfejsów użytkownika},
    journal = {Czasopismo Naukowe Kultura i Historia},
    number  = {},
    year    = {2017}
}

@article{colors,
    author = {Joosten, E. and Lankveld, Giel and Spronck, Pieter},
    year = {2010},
    month = {01},
    pages = {},
    title = {Colors and Emotions in Video Games},
    journal = {11th International Conference on Intelligent Games and Simulation, GAME-ON 2010}
}

@article{games,
    author = {Ravaja Niklas and Salminen Mikko and Holopainen Jussi and Saari Timo and Laarn Jari and Järvinen Aki},
    year = {2004},
    month = {01},
    title = {Emotional response patterns and sense of presence during video games: Potential criterion variables for game design},
    journal = {ACM International Conference Proceeding Series},
}


% websites

@misc{website:samokontrola,
    author  = {Lucyna Golińska},
    title   = {Samokontrola emocji - mit czy rzeczywistość},
    year    = {2000},
    howpublished = {\url{http://www.psychologia.edu.pl/czytelnia/63-terapia-uzalenienia-i-wspouzalenienia/340-samokontrola-emocji-mit-czy-rzeczywistosc.html}},
    note         = {Dostęp: 22.02.2020}
}

@misc{website:virtualspeech,
    author       = {Dom Barnard},
    title        = {History of VR - Timeline of Events and Tech Development},
    month        = {August},
    year         = {2019},
    howpublished = {\url{https://virtualspeech.com/blog/history-of-vr/}},
    note         = {Dostęp: 22.02.2020}
}

@misc{website:digitaltrends,
    author       = {Luke Dormehl},
    title        = {8 virtual reality milestones that took it from sci-fi to your living room},
    month        = {November},
    year         = {2017},
    howpublished = {\url{https://www.digitaltrends.com/cool-tech/history-of-virtual-reality/}},
    note         = {Dostęp: 22.02.2020}
}

@misc{website:learng2,
    author       = {Bridget Poetker},
    title        = {The Very Real History of Virtual Reality},
    month        = {September},
    year         = {2019},
    howpublished = {\url{https://learn.g2.com/history-of-virtual-reality}},
    note         = {Dostęp: 22.02.2020}
}

@misc{website:emotion,
    author       = {Gregory Johnson},
    title        = {Theories of Emotion},
    month        = {September},
    year         = {2018},
    howpublished = {\url{https://iep.utm.edu/emotion/#H2}},
    note         = {Dostęp: 25.04.2020}
}

@misc{website:interactive,
    author       = {Shehroze Ameen},
    title        = {Story Telling and Interactivity in Video Gaming},
    month        = {February},
    year         = {2017},
    howpublished = {\url{https://the-artifice.com/video-gaming-story-telling-interactivity/}},
    note         = {Dostęp: 15.05.2020}
}

@misc{website:alyx,
    author       = {Ben Lang},
    title        = {Analysis: Half-Life: Alyx},
    month        = {May},
    year         = {2020},
    howpublished = {\url{https://www.roadtovr.com/steam-survey-vr-headset-growth-april-2020-half-life-alyx/}},
    note         = {Dostęp: 20.05.2020}
}

@misc{website:vrstats,
    author       = {Christo Petrov},
    title        = {43 Virtual Reality Statistics That Will Rock the Market in 2020},
    month        = {June},
    year         = {2020},
    howpublished = {\url{https://techjury.net/blog/virtual-reality-statistics}},
    note         = {Dostęp: 20.05.2020}
}

@misc{website:gameindustry,
    author       = {Herman Narula},
    title        = {A billion new players are set to transform the gaming industry},
    month        = {December},
    year         = {2019},
    howpublished = {\url{https://www.wired.co.uk/article/worldwide-gamers-billion-players}},
    note         = {Dostęp: 20.05.2020}
}

@misc{website:zastosowanievr,
    author       = {Katarzyna Mikołajczyk},
    title        = {VR w edukacji - subiektywny przegląd możliwości},
    month        = {June},
    year         = {2019},
    howpublished = {\url{https://kometa.edu.pl/artykuly/245,vr-w-edukacji-subiektywny-przeglad-mozliwosci}},
    note         = {Dostęp: 25.09.2020}
}

@misc{website:stres,
    author       = {Magdalena Czernek-Malik},
    title        = {Efektywne radzenie sobie ze stresem jako czynnik zwiększający kompetencje interpersonalne},
    month        = {June},
    year         = {2015},
    howpublished = {\url{http://psychologbielsko.eu/wp-content/uploads/2015/03/TRE\%C5\%9ACI-NAUCZANIA-S2.pdf}},
    note         = {Dostęp: 25.09.2020}
}

@misc{website:teoriastresu,
    author       = {Elżbieta Dybińska},
    title        = {Transakcyjna teoria stresu R.S.Lazarusa i S.Folkman},
    month        = {June},
    year         = {2015},
    howpublished = {\url{http://dybinska.pl/teoria-stresu.html}},
    note         = {Dostęp: 25.09.2020}
}

% other sources

@phdthesis{button,
author = {Knappmann, Astrid},
year = {2019},
month = {09},
pages = {},
title = {When Pressing Buttons Becomes Emotional: How Games Can Uniquely Evoke Emotions},
school  = {IT University of Copenhagen}
}

@phdthesis{negativeemotions,
author = {Julia Bopp and Elisa Mekler and Klaus Opwis},
year = {2015},
month = {10},
pages = {},
title = {Negative Emotion, Positive Experience? Emotionally Moving Moments in Digital Games},
school  = {University of Basel, Institute of Psychology, Department for Cognitive Psychology and Methodology}
}